@article{SighireanuC14,
  author    = {Mihaela Sighireanu and
               David Cok},
  title     = {Report on SL-COMP'14},
  journal   = {{JSAT}},
  pages     = {173--186},
  volume    = {9},
  year      = {2014}
}

@misc{BarST-SMTLIB,
  author =	 {Clark Barrett and Aaron Stump and Cesare Tinelli},
  title =	 {{The Satisfiability Modulo Theories Library (SMT-LIB)}},
  howpublished = {{\tt www.SMT-LIB.org}},
  year =	 2018
}

@misc{IosifSRS18,
  author =       {Radu Iosif and Cristina Serban and Andrew Reynolds
	          and Mihaela Sighireanu},
  title  =       {Encoding Separation Logic in SMT-LIB v2.5},
  howpublished = {{\tt https://github.com/sl-comp/SL-COMP18/input/Docs}},
  year   = 2018
}

@inproceedings{BrotherstonFPG14,
  author    = {James Brotherston and
               Carsten Fuhs and
               Juan A. Navarro P{\'{e}}rez and
               Nikos Gorogiannis},
  title     = {A decision procedure for satisfiability in separation logic with inductive
               predicates},
  booktitle = {{CSL-LICS}},
  year      = {2014},
  pages     = {25:1-25:10},
  publisher = {{ACM}},
  biburl    = {http://dblp.uni-trier.de/rec/bib/conf/csl/BrotherstonFPG14},
  bibsource = {dblp computer science bibliography, http://dblp.org}
}

@inproceedings{IosifRV14,
  author    = {Radu Iosif and
               Adam Rogalewicz and
               Tom{\'{a}}s Vojnar},
  title     = {Deciding Entailments in Inductive Separation Logic with Tree Automata},
  booktitle = {ATVA},
  publisher = {Springer},
  series    = {Lecture Notes in Computer Science},
  volume    = {8837},
  year      = {2014},
  pages     = {201--218}
}

@article{ChinDNQ12,
  author    = {Wei-Ngan Chin and
               Cristina David and
               Huu Hai Nguyen and
               Shengchao Qin},
  title     = {Automated verification of shape, size and bag properties
               via user-defined predicates in separation logic},
  journal   = {Sci. Comput. Program.},
  volume    = {77},
  number    = {9},
  year      = {2012},
  pages     = {1006--1036},
  ee        = {http://dx.doi.org/10.1016/j.scico.2010.07.004},
  bibsource = {DBLP, http://dblp.uni-trier.de}
}


@inproceedings{BrotherstonGP12,
  author    = {James Brotherston and
               Nikos Gorogiannis and
               Rasmus Lerchedahl Petersen},
  title     = {A Generic Cyclic Theorem Prover},
  booktitle = {APLAS},
  publisher = {Springer},
  series    = {Lecture Notes in Computer Science},
  volume    = {7705},
  year      = {2012},
  pages     = {350--367},
  ee        = {http://dx.doi.org/10.1007/978-3-642-35182-2_25},
  bibsource = {DBLP, http://dblp.uni-trier.de}
}


@inproceedings{PerezR13,
  author    = {Juan Antonio Navarro P{\'{e}}rez and
               Andrey Rybalchenko},
  title     = {Separation Logic Modulo Theories},
  booktitle = {{APLAS}},
  pages     = {90--106},
  series    = {Lecture Notes in Computer Science},
  year      = {2013},
  volume    = {8301},
  publisher = {Springer},
  bibsource = {dblp computer science bibliography, http://dblp.org}
}


@inproceedings{AntonopoulosGHKO14,
  author    = {Timos Antonopoulos and
               Nikos Gorogiannis and
               Christoph Haase and
               Max I. Kanovich and
               Jo{\"{e}}l Ouaknine},
  title     = {Foundations for Decision Problems in Separation Logic with General
               Inductive Predicates},
  booktitle = {FOSSACS},
  year      = {2014},
  pages     = {411--425},
  series    = {Lecture Notes in Computer Science},
  volume    = {8412},
  publisher = {Springer},
  url       = {http://dx.doi.org/10.1007/978-3-642-54830-7_27},
  doi       = {10.1007/978-3-642-54830-7_27},
  timestamp = {Tue, 09 Sep 2014 11:23:19 +0200},
  biburl    = {http://dblp.uni-trier.de/rec/bib/conf/fossacs/AntonopoulosGHKO14},
  bibsource = {dblp computer science bibliography, http://dblp.org}
}

@inproceedings{BrookesOR14,
  author    = {Stephen Brookes and
               Peter W. O'Hearn and
               Uday S. Reddy},
  title     = {The essence of Reynolds},
  booktitle = {POPL},
  year      = {2014},
  pages     = {251--256},
  publisher = {{ACM}},
  url       = {http://doi.acm.org/10.1145/2535838.2537851},
  doi       = {10.1145/2535838.2537851},
  timestamp = {Tue, 09 Sep 2014 09:36:49 +0200},
  biburl    = {http://dblp.uni-trier.de/rec/bib/conf/popl/BrookesOR14},
  bibsource = {dblp computer science bibliography, http://dblp.org}
}

@techreport{BrotherstonFGNP13,
  author    = {James Brotherston and 
               Carsten Fuhs and 
               Nikos Gorogiannis and 
               Navarro P\'erez, Juan},
  title     = {A Decision Procedure for Satisfiability in Separation Logic 
               with Inductive Predicates},
  year      = {2013},
  institution = {University College London},
  pdf       = {publications/2013-slsat-tr.pdf},
  number    = {RN/13/15}
}

@inproceedings{BouajjaniDES12-vmcai,
  author    = {Ahmed Bouajjani and
               Cezara Dragoi and
               Constantin Enea and
               Mihaela Sighireanu},
  title     = {Abstract Domains for Automated Reasoning about List-Manipulating
               Programs with Infinite Data},
  booktitle = {VMCAI},
  publisher = {Springer},
  series    = {Lecture Notes in Computer Science},
  volume    = {7148},
  year      = {2012},
  pages     = {1--22},
  ee        = {http://dx.doi.org/10.1007/978-3-642-27940-9_1},
  bibsource = {DBLP, http://dblp.uni-trier.de}
}


@inproceedings{CalcagnoYO01,
  author    = {Cristiano Calcagno and
               Hongseok Yang and
               Peter W. O'Hearn},
  title     = {Computability and Complexity Results for a Spatial Assertion
               Language for Data Structures},
  booktitle = {APLAS},
  year      = {2001},
  pages     = {289--300},
  bibsource = {DBLP, http://dblp.uni-trier.de}
}

@inproceedings{CookHOPW11,
  author    = {Byron Cook and
               Christoph Haase and
               Jo{\"{e}}l Ouaknine and
               Matthew J. Parkinson and
               James Worrell},
  title     = {Tractable Reasoning in a Fragment of Separation Logic},
  booktitle = {CONCUR},
  year      = {2011},
  pages     = {235--249},
  series    = {Lecture Notes in Computer Science},
  volume    = {6901},
  publisher = {Springer},
  url       = {http://dx.doi.org/10.1007/978-3-642-23217-6_16},
  doi       = {10.1007/978-3-642-23217-6_16},
  timestamp = {Tue, 09 Sep 2014 11:47:52 +0200},
  biburl    = {http://dblp.uni-trier.de/rec/bib/conf/concur/CookHOPW11},
  bibsource = {dblp computer science bibliography, http://dblp.org}
}

@inproceedings{EneaLSV14,
  author    = {Constantin Enea and
                 Ond\v{r}ej Leng\'{a}l and
                 Mihaela Sighireanu and
                 Tom\'{a}\v{s} Vojnar},
  title       = {Compositional Entailment Checking for a Fragment of Separation
                 Logic},
  booktitle   = {APLAS},
  year        = {2014},
  pages       = {314--333},
  series      = {Lecture Notes in Computer Science},
  volume      = {8858},
  publisher   = {Springer}
}

@inproceedings{HasseIOP13,
  author    = {Christoph Haase and
               Samin Ishtiaq and
               Jo{\"e}l Ouaknine and
               Matthew J. Parkinson},
  title     = {{SeLoger}: A Tool for Graph-Based Reasoning in Separation
               Logic},
  booktitle = {CAV},
  year      = {2013},
  pages     = {790--795},
  series    = {Lecture Notes in Computer Science},
  volume    = {8044},
  publisher = {Springer},
  ee        = {http://dx.doi.org/10.1007/978-3-642-39799-8_55},
  bibsource = {DBLP, http://dblp.uni-trier.de}
}

@inproceedings{IosifRS13,
  author    = {Radu Iosif and
               Adam Rogalewicz and
               Jir{\'{\i}} Sim{\'{a}}cek},
  title     = {The Tree Width of Separation Logic with Recursive Definitions},
  booktitle = {CADE},
  year      = {2013},
  pages     = {21--38},
  series    = {Lecture Notes in Computer Science},
  volume    = {7898},
  publisher = {Springer},
  url       = {http://dx.doi.org/10.1007/978-3-642-38574-2_2},
  doi       = {10.1007/978-3-642-38574-2_2},
  timestamp = {Tue, 09 Sep 2014 11:12:25 +0200},
  biburl    = {http://dblp.uni-trier.de/rec/bib/conf/cade/IosifRS13},
  bibsource = {dblp computer science bibliography, http://dblp.org}
}

@inproceedings{OHearnRY01,
  author    = {Peter W. O'Hearn and
               John C. Reynolds and
               Hongseok Yang},
  title     = {Local Reasoning about Programs that Alter Data Structures},
  booktitle = {CSL},
  year      = {2001},
  pages     = {1--19},
  series    = {Lecture Notes in Computer Science},
  volume    = {2142},
  publisher = {Springer},
  url       = {http://dx.doi.org/10.1007/3-540-44802-0_1},
  doi       = {10.1007/3-540-44802-0_1},
  biburl    = {http://dblp.uni-trier.de/rec/bib/conf/csl/OHearnRY01},
  bibsource = {dblp computer science bibliography, http://dblp.org}
}

@inproceedings{PerezR11,
  author    = {Juan A. Navarro P{\'e}rez and
               Andrey Rybalchenko},
  title     = {Separation logic + superposition calculus = heap theorem
               prover},
  booktitle = {PLDI},
  publisher = {ACM},
  year      = {2011},
  pages     = {556--566}
}

@inproceedings{PiskacWZ13,
  author    = {Ruzica Piskac and
               Thomas Wies and
               Damien Zufferey},
  title     = {Automating Separation Logic Using {SMT}},
  booktitle = {CAV},
  year      = {2013},
  pages     = {773--789},
  series    = {Lecture Notes in Computer Science},
  volume    = {8044},
  publisher = {Springer},
  url       = {http://dx.doi.org/10.1007/978-3-642-39799-8_54},
  doi       = {10.1007/978-3-642-39799-8_54},
  timestamp = {Tue, 16 Sep 2014 15:30:18 +0200},
  biburl    = {http://dblp.uni-trier.de/rec/bib/conf/cav/PiskacWZ13},
  bibsource = {dblp computer science bibliography, http://dblp.org}
}

@inproceedings{Reynolds02,
  author    = {John C. Reynolds},
  title     = {Separation Logic: {A} Logic for Shared Mutable Data Structures},
  booktitle = {LICS},
  year      = {2002},
  pages     = {55--74},
  publisher = {{IEEE} Computer Society},
  url       = {http://doi.ieeecomputersociety.org/10.1109/LICS.2002.1029817},
  doi       = {10.1109/LICS.2002.1029817},
  biburl    = {http://dblp.uni-trier.de/rec/bib/conf/lics/Reynolds02},
  bibsource = {dblp computer science bibliography, http://dblp.org}
}

@inproceedings{Reynolds99,
  author    = {John C. Reynolds},
  title     = {Intuitionistic Reasoning about Shared Mutable Data Structure},
  booktitle = {Oxford-Microsoft Symposium in Honour of Sir Tony Hoare},
  year      = {1999},
  OPTpages  = {},
  publisher = {Palgrave Macmillan},
  url       = {http://http://www.palgrave.com/page/detail/?sf1=id_product&st1=262597},
  note      = {Publication date November 2000}
}

@misc{OHearn-SLsite,
  author    = {Peter O'Hearn},
  title     = {Separation Logic},
  OPTyear   = {2010},
  note      = {\url{http://www0.cs.ucl.ac.uk/staff/p.ohearn/SeparationLogic/Separation_Logic/SL_Home.html}}
}

@misc{CVC4SLsite,
  author    = {{CVC4-SL}},
  OPTtitle  = {{Andrew Reynolds}},
  OPTyear   = {2016},
  note      = {\url{http://cvc4.cs.stanford.edu/wiki/Separation_Logic}}
}

@misc{SLEEKsite,
  author    = {{SLEEK}},
  OPTtitle  = {{SLEEK}},
  OPTyear   = {2014},
  note      = {\url{http://loris-7.ddns.comp.nus.edu.sg/~project/s2/beta/}}
}


@misc{CYCLISTsite,
  author    = {{CYCLIST}},
  OPTtitle  = {{CYCLIST}},
  OPTyear   = {2014},
  note      = {\url{https://github.com/ngorogiannis/cyclist}}
}


@misc{HARRSHsite,
  author    = {{Harrsh}},
  OPTtitle  = {{Jens Katelaan}},
  OPTyear   = {2017},
  note      = {\url{https://github.com/katelaan/harrsh}}
}



@misc{SBsite,
  author    = {{Songbird}},
  OPTtitle  = {{Songbird}},
  OPTyear   = {2018},
  note      = {\url{https://songbird-prover.github.io/}}
}

@misc{SPENsite,
  author    = {{SPEN}},
  OPTtitle  = {{SPEN}},
  OPTyear   = {2014},
  note      = {\url{https://www.github.com/mihasighi/spen}}
}

@misc{SLIDEsite,
  author    = {{SLIDE}},
  OPTtitle  = {{SLIDE}},
  OPTyear   = {2014},
  note      = {\url{http://www.fit.vutbr.cz/research/groups/verifit/tools/slide/}}
}

@misc{SmallFootsite,
  OPTauthor    = {Josh Berdine and Cristiano Calcagno and Peter O'Hearn},
  OPTtitle     = {{\sf SmallFoot}},
  author    = {{SmallFoot}},
  OPTyear      = {2005},
  note      = {\url{http://www0.cs.ucl.ac.uk/staff/p.ohearn/smallfoot/}}
}

@misc{StarExecsite,
  author    = {{StarExec}},
  OPTtitle  = {{SPEN}},
  OPTyear   = {2014},
  note      = {\url{http://www.starexec.org}}
}


@misc{SMTCOMPsite,
  author    = {{SMT-COMP}},
  OPTtitle  = {{SMT-COMP}},
  OPTyear   = {2014},
  note      = {\url{http://smtcomp.sourceforge.org}}
}

@misc{SLCOMP18site,
  author    = {{SL-COMP}'2018},
  OPTtitle  = {{SMT-COMP}},
  OPTyear   = {2019},
  note      = {\url{https://www.irif.fr/~sighirea/sl-comp/18/}}
}

@misc{SLCOMPgit,
  author    = {{SL-COMP} Repository},
  OPTtitle  = {{SMT-COMP}},
  OPTyear   = {2019},
  note      = {\url{https://github.com/sl-comp}}
}

@article{DBLP:journals/jancl/DemriD15,
  author    = {St{\'{e}}phane Demri and
               Morgan Deters},
  title     = {Separation logics and modalities: a survey},
  journal   = {Journal of Applied Non-Classical Logics},
  volume    = {25},
  number    = {1},
  pages     = {50--99},
  year      = {2015},
  url       = {https://doi.org/10.1080/11663081.2015.1018801},
  doi       = {10.1080/11663081.2015.1018801},
  timestamp = {Sun, 28 May 2017 13:20:20 +0200},
  biburl    = {https://dblp.org/rec/bib/journals/jancl/DemriD15},
  bibsource = {dblp computer science bibliography, https://dblp.org}
}

@inproceedings{DBLP:conf/cade/GuCW16,
  author    = {Xincai Gu and
               Taolue Chen and
               Zhilin Wu},
  title     = {A Complete Decision Procedure for Linearly Compositional Separation
               Logic with Data Constraints},
  booktitle = {Automated Reasoning - 8th International Joint Conference, {IJCAR}
               2016, Coimbra, Portugal, June 27 - July 2, 2016, Proceedings},
  pages     = {532--549},
  year      = {2016},
  volume    = {9706},
  publisher = {Springer},
  url       = {https://doi.org/10.1007/978-3-319-40229-1\_36},
  doi       = {10.1007/978-3-319-40229-1\_36},
  timestamp = {Sun, 21 May 2017 00:17:18 +0200},
  biburl    = {https://dblp.org/rec/bib/conf/cade/GuCW16},
  bibsource = {dblp computer science bibliography, https://dblp.org}
}

@article{EneaLSV17,
  author    = {Constantin Enea and
               Ondrej Leng{\'{a}}l and
               Mihaela Sighireanu and
               Tom{\'{a}}s Vojnar},
  title      = {Compositional Entailment Checking for a Fragment
                of Separation Logic},
  journal    = {Form Methods Syst Des},
  year       = {2017},
}

@inproceedings{DBLP:conf/nfm/EneaLSV17,
  author    = {Constantin Enea and
               Ondrej Leng{\'{a}}l and
               Mihaela Sighireanu and
               Tom{\'{a}}s Vojnar},
  title     = {{SPEN:} {A} Solver for Separation Logic},
  booktitle = {Proceedings of {NFM}},
  series    = {Lecture Notes in Computer Science},
  volume    = {10227},
  year      = {2017},
  pages     = {302--309},
}

@inproceedings{DBLP:conf/atva/EneaSW15,
 author    = {Constantin Enea and
              Mihaela Sighireanu and
              Zhilin Wu},
 title     = {On Automated Lemma Generation for Separation Logic with Inductive
              Definitions},
 booktitle = {Automated Technology for Verification and Analysis - 13th International
              Symposium, {ATVA} 2015, Shanghai, China, October 12-15, 2015, Proceedings},
 series    = {Lecture Notes in Computer Science},
 volume    = {9364},
 publisher = {Springer},
 pages     = {80--96},
 year      = {2015},
}

@inproceedings{DBLP:conf/atva/ReynoldsIS016,
  author    = {Andrew Reynolds and
               Radu Iosif and
               Cristina Serban and
               Tim King},
  title     = {A Decision Procedure for Separation Logic in {SMT}},
  booktitle = {Automated Technology for Verification and Analysis - 14th International
               Symposium, {ATVA} 2016, Chiba, Japan, October 17-20, 2016, Proceedings},
  pages     = {244--261},
  year      = {2016},
}

@inproceedings{LPAR-IWIL2018:Harrsh_Tool_for_Unied,
  author    = {Jens Katelaan and Christoph Matheja and Thomas Noll and Florian Zuleger},
  title     = {Harrsh: A Tool for Unied Reasoning about Symbolic-Heap Separation Logic},
  booktitle = {LPAR-22 Workshop and Short Paper Proceedings},
  editor    = {Gilles Barthe and Konstantin Korovin and Stephan Schulz and Martin Suda and Geoff Sutcliffe and Margus Veanes},
  series    = {Kalpa Publications in Computing},
  volume    = {9},
  pages     = {23--36},
  year      = {2018},
  publisher = {EasyChair},
  bibsource = {EasyChair, https://easychair.org},
  issn      = {2515-1762},
  url       = {https://easychair.org/publications/paper/6vZt},
  doi       = {10.29007/qwd8}}

@inproceedings{DBLP:conf/esop/JansenKMNZ17,
  author    = {Christina Jansen and
               Jens Katelaan and
               Christoph Matheja and
               Thomas Noll and
               Florian Zuleger},
  title     = {Unified Reasoning About Robustness Properties of Symbolic-Heap Separation
               Logic},
  booktitle = {Programming Languages and Systems - 26th European Symposium on Programming,
               {ESOP} 2017, Held as Part of the European Joint Conferences on Theory
               and Practice of Software, {ETAPS} 2017, Uppsala, Sweden, April 22-29,
               2017, Proceedings},
  pages     = {611--638},
  year      = {2017},
  series    = {Lecture Notes in Computer Science},
  volume    = {10201},
  publisher = {Springer},
  url       = {https://doi.org/10.1007/978-3-662-54434-1\_23},
  doi       = {10.1007/978-3-662-54434-1\_23},
  timestamp = {Fri, 19 May 2017 01:25:18 +0200},
  biburl    = {https://dblp.org/rec/bib/conf/esop/JansenKMNZ17},
  bibsource = {dblp computer science bibliography, https://dblp.org}
}

@inproceedings{DBLP:conf/tacas/Le0Q18,
  author    = {Quang Loc Le and
               Jun Sun and
               Shengchao Qin},
  title     = {Frame Inference for Inductive Entailment Proofs in Separation Logic},
  booktitle = {Tools and Algorithms for the Construction and Analysis of Systems
               - 24th International Conference, {TACAS} 2018, Held as Part of the
               European Joint Conferences on Theory and Practice of Software, {ETAPS}
               2018, Thessaloniki, Greece, April 14-20, 2018, Proceedings, Part {I}},
  pages     = {41--60},
  year      = {2018},
  series    = {Lecture Notes in Computer Science},
  volume    = {10805},
  publisher = {Springer},
  url       = {https://doi.org/10.1007/978-3-319-89960-2\_3},
  doi       = {10.1007/978-3-319-89960-2\_3},
  timestamp = {Tue, 26 Jun 2018 14:11:56 +0200},
  biburl    = {https://dblp.org/rec/bib/conf/tacas/Le0Q18},
  bibsource = {dblp computer science bibliography, https://dblp.org}
}

@article{Ta:2017:ALS:3177123.3158097,
 author = {Ta, Quang-Trung and Le, Ton Chanh and Khoo, Siau-Cheng and Chin, Wei-Ngan},
 title = {Automated Lemma Synthesis in Symbolic-heap Separation Logic},
 journal = {Proc. ACM Program. Lang.},
 issue_date = {January 2018},
 volume = {2},
 number = {POPL},
 month = dec,
 year = {2017},
 issn = {2475-1421},
 pages = {9:1--9:29},
 articleno = {9},
 numpages = {29},
 url = {http://doi.acm.org/10.1145/3158097},
 doi = {10.1145/3158097},
 acmid = {3158097},
 publisher = {ACM},
 address = {New York, NY, USA},
 keywords = {Separation logic, automated reasoning, entailment proving, lemma synthesis, mathematical induction, proof theory, structural induction},
}

@inproceedings{DBLP:conf/fm/TaLKC16,
  author    = {Quang{-}Trung Ta and
               Ton Chanh Le and
               Siau{-}Cheng Khoo and
               Wei{-}Ngan Chin},
  title     = {Automated Mutual Explicit Induction Proof in Separation Logic},
  booktitle = {{FM} 2016: Formal Methods - 21st International Symposium, Limassol,
               Cyprus, November 9-11, 2016, Proceedings},
  pages     = {659--676},
  year      = {2016},
  series    = {Lecture Notes in Computer Science},
  volume    = {9995},
  publisher = {Springer},
  url       = {https://doi.org/10.1007/978-3-319-48989-6\_40},
  doi       = {10.1007/978-3-319-48989-6\_40},
  timestamp = {Mon, 22 May 2017 17:11:19 +0200},
  biburl    = {https://dblp.org/rec/bib/conf/fm/TaLKC16},
  bibsource = {dblp computer science bibliography, https://dblp.org}
}

